{"ts": "2026-04-22T11:47:12.604625+00:00", "event": "order.place.begin", "payload": {"req": {"ticker": "005930", "side": "BUY", "qty": 10, "price": 72000, "venue": "NXT", "order_type": "LIMIT", "idempotency_key": "smoke_test", "note": ""}, "paper": true}}
{"ts": "2026-04-22T11:47:12.613965+00:00", "event": "order.paper", "payload": {"order_id": "PAPER-smoke_test", "req": {"ticker": "005930", "side": "BUY", "qty": 10, "price": 72000, "venue": "NXT", "order_type": "LIMIT", "idempotency_key": "smoke_test", "note": ""}}}
{"ts": "2026-04-22T12:38:44.978375+00:00", "event": "order.place.begin", "payload": {"req": {"ticker": "005930", "side": "BUY", "qty": 10, "price": 72000, "venue": "NXT", "order_type": "LIMIT_MAKER", "idempotency_key": "SMOKE_005930_T1_20260422", "note": ""}, "paper": true}}
{"ts": "2026-04-22T12:38:44.979240+00:00", "event": "order.paper", "payload": {"order_id": "PAPER-SMOKE_005930_T1_20260422", "req": {"ticker": "005930", "side": "BUY", "qty": 10, "price": 72000, "venue": "NXT", "order_type": "LIMIT_MAKER", "idempotency_key": "SMOKE_005930_T1_20260422", "note": ""}}}
{"ts": "2026-04-22T12:38:44.979713+00:00", "event": "order.place.begin", "payload": {"req": {"ticker": "005930", "side": "SELL", "qty": 10, "price": 71800, "venue": "NXT", "order_type": "LIMIT", "idempotency_key": "SMOKE_005930_S0_20260423", "note": ""}, "paper": true}}
{"ts": "2026-04-22T12:38:44.980152+00:00", "event": "order.paper", "payload": {"order_id": "PAPER-SMOKE_005930_S0_20260423", "req": {"ticker": "005930", "side": "SELL", "qty": 10, "price": 71800, "venue": "NXT", "order_type": "LIMIT", "idempotency_key": "SMOKE_005930_S0_20260423", "note": ""}}}
{"ts": "2026-04-22T12:52:26.628484+00:00", "event": "order.place.begin", "payload": {"req": {"ticker": "005930", "side": "BUY", "qty": 1, "price": 72000, "venue": "NXT", "order_type": "LIMIT_MAKER", "idempotency_key": "SMOKE_005930_PAPER", "note": ""}, "paper": true}}
{"ts": "2026-04-22T12:52:26.629026+00:00", "event": "order.paper", "payload": {"order_id": "PAPER-SMOKE_005930_PAPER", "req": {"ticker": "005930", "side": "BUY", "qty": 1, "price": 72000, "venue": "NXT", "order_type": "LIMIT_MAKER", "idempotency_key": "SMOKE_005930_PAPER", "note": ""}}}
{"ts": "2026-04-23T01:50:56.869942+00:00", "event": "order.place.begin", "payload": {"req": {"ticker": "005930", "side": "BUY", "qty": 3, "price": 226501, "venue": "NXT", "order_type": "LIMIT_MAKER", "idempotency_key": "BUY_005930_T1_20260423", "note": "tranche=T1 strategy=MAKER_BID_PLUS_TICK"}, "paper": true}}
{"ts": "2026-04-23T01:50:56.870549+00:00", "event": "order.paper", "payload": {"order_id": "PAPER-BUY_005930_T1_20260423", "req": {"ticker": "005930", "side": "BUY", "qty": 3, "price": 226501, "venue": "NXT", "order_type": "LIMIT_MAKER", "idempotency_key": "BUY_005930_T1_20260423", "note": "tranche=T1 strategy=MAKER_BID_PLUS_TICK"}}}
{"ts": "2026-04-23T01:50:57.100291+00:00", "event": "order.place.begin", "payload": {"req": {"ticker": "005930", "side": "BUY", "qty": 2, "price": 226500, "venue": "NXT", "order_type": "LIMIT", "idempotency_key": "BUY_005930_T2_20260423", "note": "tranche=T2 strategy=LAST"}, "paper": true}}
{"ts": "2026-04-23T01:50:57.100780+00:00", "event": "order.paper", "payload": {"order_id": "PAPER-BUY_005930_T2_20260423", "req": {"ticker": "005930", "side": "BUY", "qty": 2, "price": 226500, "venue": "NXT", "order_type": "LIMIT", "idempotency_key": "BUY_005930_T2_20260423", "note": "tranche=T2 strategy=LAST"}}}
{"ts": "2026-04-23T01:50:57.333742+00:00", "event": "order.place.begin", "payload": {"req": {"ticker": "005930", "side": "BUY", "qty": 3, "price": 227000, "venue": "NXT", "order_type": "LIMIT_TAKER", "idempotency_key": "BUY_005930_T3_20260423", "note": "tranche=T3 strategy=TAKER_ASK"}, "paper": true}}
{"ts": "2026-04-23T01:50:57.334253+00:00", "event": "order.paper", "payload": {"order_id": "PAPER-BUY_005930_T3_20260423", "req": {"ticker": "005930", "side": "BUY", "qty": 3, "price": 227000, "venue": "NXT", "order_type": "LIMIT_TAKER", "idempotency_key": "BUY_005930_T3_20260423", "note": "tranche=T3 strategy=TAKER_ASK"}}}
